@misc{Askin2019,
  title={IEE 461: Chapter 6, Inventory Management and the EOQ},
  author={Ronald  Askin},
  year={2019},
  organization={Arizona State University}
}
